%% This BibTeX bibliography file was created using BibDesk.
%% https://bibdesk.sourceforge.io/

%% Created for Joshua Nugent at 2019-10-01 16:42:57 -0400 


%% Saved with string encoding Unicode (UTF-8) 



@article{wolfinger_generalized_1993,
	Author = {Wolfinger, Russ and O'connell, Michael},
	Journal = {Journal of Statistical Computation and Simulation},
	Month = dec,
	Number = {3-4},
	Pages = {233--243},
	Title = {Generalized linear mixed models a pseudo-likelihood approach},
	Volume = {48},
	Year = {1993}}

@article{breslow_whither_2003,
	Author = {Breslow, Norm},
	Journal = {UW Biostatistics Working Paper Series},
	Month = jan,
	Title = {Whither {PQL}?},
	Year = {2003}}

@article{breslow_approximate_1993,
	Author = {Breslow, N. E. and Clayton, D. G.},
	Journal = {Journal of the American Statistical Association},
	Month = mar,
	Number = {421},
	Pages = {9--25},
	Title = {Approximate {Inference} in {Generalized} {Linear} {Mixed} {Models}},
	Volume = {88},
	Year = {1993}}

@article{jang_pql_nodate,
	Author = {Jang, Woncheol and Lim, Johan},
	Pages = {15},
	Title = {{PQL} {Estimation} {Biases} in {Generalized} {Linear} {Mixed} {Models}}}

@article{ng_estimation_2006,
	Author = {Ng, Edmond SW and Carpenter, James R and Goldstein, Harvey and Rasbash, Jon},
	Journal = {Statistical Modelling: An International Journal},
	Month = apr,
	Number = {1},
	Pages = {23--42},
	Title = {Estimation in generalised linear mixed models with binary outcomes by simulated maximum likelihood},
	Volume = {6},
	Year = {2006}}

@article{rodriguez_assessment_1995,
	Author = {Rodriguez, German and Goldman, Noreen},
	Journal = {Journal of the Royal Statistical Society. Series A (Statistics in Society)},
	Number = {1},
	Pages = {73},
	Title = {An {Assessment} of {Estimation} {Procedures} for {Multilevel} {Models} with {Binary} {Responses}},
	Volume = {158},
	Year = {1995}}

@article{zhang_fitting_2011,
	Author = {Zhang, Hui and Lu, Naiji and Feng, Changyong and Thurston, Sally W. and Xia, Yinglin and Tu, Xin M.},
	Journal = {Statistics in medicine},
	Month = sep,
	Number = {20},
	Pages = {2562--2572},
	Title = {On {Fitting} {Generalized} {Linear} {Mixed}-effects {Models} for {Binary} {Responses} using {Different} {Statistical} {Packages}},
	Volume = {30},
	Year = {2011}}

@book{agresti_categorical_2013,
	Author = {Agresti, A.},
	Publisher = {Wiley},
	Series = {Wiley {Series} in {Probability} and {Statistics}},
	Title = {Categorical {Data} {Analysis}},
	Year = {2013}}

@misc{statacorp_stata_2017,
	Author = {StataCorp},
	Title = {Stata 15 {Base} {Reference} {Manual}},
	Year = {2017}}

@article{lin_estimation_2007,
	Author = {Lin, Xihong},
	Journal = {Lifetime Data Analysis},
	Month = dec,
	Number = {4},
	Pages = {533--544},
	Title = {Estimation using penalized quasilikelihood and quasi-pseudo-likelihood in {Poisson} mixed models},
	Volume = {13},
	Year = {2007}}

@article{liu_note_1994,
	Author = {Liu, Qing and Pierce, Donald A.},
	Journal = {Biometrika},
	Number = {3},
	Pages = {624--629},
	Title = {A {Note} on {Gauss}-{Hermite} {Quadrature}},
	Volume = {81},
	Year = {1994}}

@article{pinheiro_efficient_2006,
	Author = {Pinheiro, Jos{\'e} C. and Chao, Edward C.},
	Journal = {Journal of Computational and Graphical Statistics},
	Number = {1},
	Pages = {58--81},
	Title = {Efficient {Laplacian} and {Adaptive} {Gaussian} {Quadrature} {Algorithms} for {Multilevel} {Generalized} {Linear} {Mixed} {Models}},
	Volume = {15},
	Year = {2006}}

@article{tierney_accurate_1986,
	Author = {Tierney, Luke and Kadane, Joseph B.},
	Journal = {Journal of the American Statistical Association},
	Number = {393},
	Pages = {82--86},
	Title = {Accurate {Approximations} for {Posterior} {Moments} and {Marginal} {Densities}},
	Volume = {81},
	Year = {1986}}

@article{pinheiro_approximations_1995,
	Author = {Pinheiro, Jos{\'e} C. and Bates, Douglas M.},
	Journal = {Journal of Computational and Graphical Statistics},
	Number = {1},
	Pages = {12--35},
	Title = {Approximations to the {Log}-{Likelihood} {Function} in the {Nonlinear} {Mixed}-{Effects} {Model}},
	Volume = {4},
	Year = {1995}}

@article{zeger_models_1988,
	Author = {Zeger, Scott L. and Liang, Kung-Yee and Albert, Paul S.},
	Journal = {Biometrics},
	Number = {4},
	Pages = {1049--1060},
	Title = {Models for {Longitudinal} {Data}: {A} {Generalized} {Estimating} {Equation} {Approach}},
	Volume = {44},
	Year = {1988}}

@article{engel_simple_1994,
	Author = {Engel, B. and Keen, A.},
	Journal = {Statistica Neerlandica},
	Month = mar,
	Number = {1},
	Pages = {1--22},
	Title = {A simple approach for the analysis of generalizea linear mixed models},
	Volume = {48},
	Year = {1994}}

@article{nakagawa_shinichi_coefficient_2017,
	Author = {{Nakagawa Shinichi} and {Johnson Paul C. D.} and {Schielzeth Holger}},
	Journal = {Journal of The Royal Society Interface},
	Month = sep,
	Number = {134},
	Pages = {20170213},
	Title = {The coefficient of determination {R}2 and intra-class correlation coefficient from generalized linear mixed-effects models revisited and expanded},
	Volume = {14},
	Year = {2017}}

@article{wu_comparison_2012,
	Author = {Wu, Sheng and Crespi, Catherine M. and Wong, Weng Kee},
	Journal = {Contemporary Clinical Trials},
	Month = sep,
	Number = {5},
	Pages = {869--880},
	Title = {Comparison of methods for estimating the intraclass correlation coefficient for binary responses in cancer prevention cluster randomized trials},
	Volume = {33},
	Year = {2012}}

@article{breslow_bias_1995,
	Author = {Breslow, Norman E. and Lin, Xihong},
	Journal = {Biometrika},
	Number = {1},
	Pages = {81--91},
	Title = {Bias {Correction} in {Generalised} {Linear} {Mixed} {Models} with a {Single} {Component} of {Dispersion}},
	Volume = {82},
	Year = {1995}}

@article{lin_bias_1996,
	Author = {Lin, Xihong and Breslow, Norman E.},
	Journal = {Journal of the American Statistical Association},
	Number = {435},
	Pages = {1007--1016},
	Title = {Bias {Correction} in {Generalized} {Linear} {Mixed} {Models} {With} {Multiple} {Components} of {Dispersion}},
	Volume = {91},
	Year = {1996}}
